<record><leader>00000cas a22000007a 4500</leader><controlfield tag="001">14053225</controlfield><controlfield tag="008">860806d18781uuutxuwr ne      0    0eng d</controlfield><datafield ind1=" " ind2=" " tag="010"><subfield code="a">sn 86088129 </subfield></datafield><datafield ind1=" " ind2=" " tag="040"><subfield code="a">PPM</subfield><subfield code="b">eng</subfield><subfield code="c">PPM</subfield><subfield code="d">OCLCQ</subfield></datafield><datafield ind1=" " ind2=" " tag="042"><subfield code="a">msc</subfield></datafield><datafield ind1="0" ind2="4" tag="245"><subfield code="a">The Brenham weekly independent.</subfield></datafield><datafield ind1="3" ind2="0" tag="246"><subfield code="a">Weekly independent</subfield></datafield><datafield ind1=" " ind2=" " tag="260"><subfield code="a">Brenham, Tex. :</subfield><subfield code="b">J.L. Watson and Co.</subfield></datafield><datafield ind1=" " ind2=" " tag="300"><subfield code="a">v.</subfield></datafield><datafield ind1=" " ind2=" " tag="310"><subfield code="a">Weekly</subfield></datafield><datafield ind1="1" ind2=" " tag="362"><subfield code="a">Began in 1878?</subfield></datafield><datafield ind1=" " ind2=" " tag="500"><subfield code="a">April 20, 1882 says new series vol. 1, no. 15.</subfield></datafield><datafield ind1=" " ind2=" " tag="588"><subfield code="a">Description based on: Vol. 1, no. 5 (Feb. 9, 1882).</subfield></datafield><datafield ind1=" " ind2=" " tag="752"><subfield code="a">United States</subfield><subfield code="b">Texas</subfield><subfield code="c">Washington</subfield><subfield code="d">Brenham.</subfield></datafield></record>